<?xml version="1.0" encoding="UTF-8"?><collection><record><leader>06777ntm a2200577 a 4500</leader><controlfield tag="001">006804499</controlfield><controlfield tag="003">MiAaHDL</controlfield><controlfield tag="005">20190719000000.0</controlfield><controlfield tag="006">m        d        </controlfield><controlfield tag="007">cr bn ---auaua</controlfield><controlfield tag="008">090528s17uu    tu            00| ||per d</controlfield><datafield tag="035" ind1=" " ind2=" "><subfield code="a">(MiU)006804499</subfield></datafield><datafield tag="035" ind1=" " ind2=" "><subfield code="a">sdr-miu006804499</subfield></datafield><datafield tag="040" ind1=" " ind2=" "><subfield code="a">MiU</subfield><subfield code="c">MiU</subfield><subfield code="e">amremm</subfield></datafield><datafield tag="043" ind1=" " ind2=" "><subfield code="a">n-us-mi</subfield><subfield code="a">a-tu---</subfield></datafield><datafield tag="100" ind1="1" ind2=" "><subfield code="6">880-01</subfield><subfield code="a">Nidāyī Kāshgharī, ʻAbd Allāh ibn Muḥammad,</subfield><subfield code="d">1688-1760 or 1761.</subfield></datafield><datafield tag="240" ind1="1" ind2="0"><subfield code="6">880-02</subfield><subfield code="a">Risālah-i Ḥaqqīyah</subfield></datafield><datafield tag="245" ind1="1" ind2="0"><subfield code="6">880-03</subfield><subfield code="a">Risālah-ʼi Ḥaqqīyah,</subfield><subfield code="f">[late 18th century?].</subfield></datafield><datafield tag="246" ind1="3" ind2=" "><subfield code="a">Risâle-yi Hakkîye</subfield></datafield><datafield tag="260" ind1=" " ind2=" "><subfield code="a">[Istanbul?,</subfield><subfield code="c">17--?].</subfield></datafield><datafield tag="300" ind1=" " ind2=" "><subfield code="a">58 leaves :</subfield><subfield code="b">paper ;</subfield><subfield code="c">145 x 90 (87 x 49) mm.</subfield></datafield><datafield tag="500" ind1=" " ind2=" "><subfield code="a">Shelfmark: Ann Arbor, University of Michigan, Special Collections Library, Isl. Ms. 262</subfield></datafield><datafield tag="500" ind1=" " ind2=" "><subfield code="a">Origin: As appears in authorial colophon on p.116, composed in Istanbul, near the türbe of Ebu Eyyûb el-Ensarî (Abū Ayyūb al-Anṣārī) in Eyüp [in the tekke established by the author], Rabīʻ al-Ākhir 1165 [February-March 1752]. Transcription of this copy likely just after. Paper certainly suggests 18th century.</subfield></datafield><datafield tag="500" ind1=" " ind2=" "><subfield code="a">Former shelfmark: "322 T. De M. [i.e. Tammaro De Marinis]" inscribed in pencil on verso of front flyleaf (p.2).</subfield></datafield><datafield tag="500" ind1=" " ind2=" "><subfield code="a">Binding: Thick boards covered in painted lacquerwork, spine in black leather (overlapping flanges) ; Type III binding (without flap) ; doublures in painted lacquerwork (swirling floral composition in bronze on a dark green to black ground) with doublure hinges in decorative paper (dark blue with vegetal design in white) ; upper and lower covers bear paintings of nearly identical floral composition in mirror image to one another on a dark red to black background, namely a central cluster of peonies, poppies, etc. with roses, poppies, buds, and other floral forms all in shades of pink and white with leaves in various shades of green ; sewn in light red thread, two stations, sewing loose ; worked chevron endbands in magenta and cream, damaged ; overall in somewhat poor condition with some abrasion, crazing, cracking and losses to lacquerwork, etc. ; housed in box for protection.</subfield></datafield><datafield tag="500" ind1=" " ind2=" "><subfield code="a">Support: European laid paper with 11 laid lines per cm. (horizontal), chain lines spaced 25-26 mm. apart (vertical), and watermark of crown above grapes (raisin, see p.12, 18, etc.) ; sturdy, well-sized and burnished to glossy, beige in color.</subfield></datafield><datafield tag="500" ind1=" " ind2=" "><subfield code="a">Decoration: Illuminated headpiece (ʻunwān / sarlawḥ) at opening on p.4, consisting of rectangular piece with gold cartouche carrying the title and author in red "رسالۀ حقية للشيخ عبد الله الكاشغرى" flanked by floral accents in pink, red, orange, and gold and surrounded by decorative bands in pink, red, and gold ; rectangular piece surmounted by scalloped semi-circular piece (dome) filled with swirling vegetal decoration in light blue, pink, red, white, etc. on a field of gold set in well in shades of blue with flanking gold bands ; entire piece surmounted by vertical stalks (tīgh) in red and blue ; written area throughout surrounded by frame consisting of heavy gold band flanked by black fillets with outermost red rule ; keywords and excerpts in Arabic (ḥadīth, etc.) rubricated ; opening textual dividers in the form of gold discs, thereafter textual dividers in the form inverted commas, three inverted commas, etc. in red.</subfield></datafield><datafield tag="500" ind1=" " ind2=" "><subfield code="a">Script: Naskh ; fine Turkish / Ottoman hand in a medium line ; partially seriffed with occasional right-sloping head-serifs on lām, ṭāʼ, etc., effect of tilt to the left, slight effect of words descending to baseline, dot of final nūn often assimilated with bowl, pointing in distinct or conjoined dots, two dots occasionally written vertically.</subfield></datafield><datafield tag="500" ind1=" " ind2=" "><subfield code="a">Layout: Written in 11 lines per page ; frame-ruled.</subfield></datafield><datafield tag="500" ind1=" " ind2=" "><subfield code="a">Collation: i, 5 V(50), V-2 (58), i ; exclusively quinions (one anomalous) ; catchwords present ; pagination in pencil, Western numerals, supplied during digitization (includes flyleaves and skips two pages between pp.55-56).</subfield></datafield><datafield tag="500" ind1=" " ind2=" "><subfield code="a">Colophon: "Authorial," triangular, reads: "هزار و صد و شصت و پنج بود تاريخ هجرت نبويه در شهر اسلامبول در قرب حضرت ابي ايوب انصارى در ماه ربيع الاخر نوشته شد و السلام على من اتبع الهدى"</subfield></datafield><datafield tag="500" ind1=" " ind2=" "><subfield code="a">Explicit: "تمام حرف را در پرده گفتم درى چند از حقايق بود سفتم الهى خلق كن اقبال تأليف در اطوار حقايق گشت تصنيف بهر طالب مرادش كشف گردد دلش از بحر رحمت نشف گردد نوشتم نام اين شيرين شمائل شود حقيه ما بين رسائل درين ميدان حق از باطل جدا شد ريا و حب جاه اينجا هوا شد دعا از دوستان اميد دارم قلم بشكست رفت از دست كارم "</subfield></datafield><datafield tag="500" ind1=" " ind2=" "><subfield code="a">Incipit: "الحمد لله على النعمة الظاهرة والباطنة في جميع الاحوال وعلى الرحمة الواسعة السابقة على القهر والجلال ... وبعد از حمد خدا و درود مصطفى در بيان طريقت نقشبنديه كه طريق اهل السنة و الجماعتست ..."</subfield></datafield><datafield tag="500" ind1=" " ind2=" "><subfield code="a">Title from headpiece on at opening on p.4.</subfield></datafield><datafield tag="500" ind1=" " ind2=" "><subfield code="a">Ms. codex.</subfield></datafield><datafield tag="520" ind1="8" ind2=" "><subfield code="a">Fine copy of the Naqshbandī treatise by ʻAbd Allāh ibn Muḥammad al-Nidāʼī al-Kāshgharī (Abdullah Nidâî-yi Kâşğarî).</subfield></datafield><datafield tag="538" ind1=" " ind2=" "><subfield code="a">Mode of access: Internet.</subfield></datafield><datafield tag="541" ind1=" " ind2=" "><subfield code="c">Purchase ;</subfield><subfield code="a">Acquired by purchase (funds donated by Horace Rackham).</subfield><subfield code="d">1924.</subfield></datafield><datafield tag="546" ind1=" " ind2=" "><subfield code="a">Persian.</subfield></datafield><datafield tag="561" ind1=" " ind2=" "><subfield code="a">Inscription in pencil on verso of front flyleaf (p.2) "322 T. De M. [i.e. Tammaro De Marinis]" ; in the first line of p.18 the copyist has entered the name of Shayṭān (شيطان) upside down, but in the fourth line not ; devotional excerpts (prayers, etc.) at opening and close of codex ; fairly clean copy.</subfield></datafield><datafield tag="650" ind1=" " ind2="0"><subfield code="a">Manuscripts, Persian</subfield><subfield code="z">Michigan</subfield><subfield code="z">Ann Arbor.</subfield></datafield><datafield tag="650" ind1=" " ind2="0"><subfield code="a">Sufi poetry, Persian</subfield><subfield code="v">Early works to 1800.</subfield></datafield><datafield tag="650" ind1=" " ind2="0"><subfield code="a">Naqshabandīyah</subfield><subfield code="v">Early works to 1800.</subfield></datafield><datafield tag="650" ind1=" " ind2="0"><subfield code="a">Sufism</subfield><subfield code="v">Early works to 1800.</subfield></datafield><datafield tag="655" ind1=" " ind2="7"><subfield code="a">Headpieces (layout features)</subfield><subfield code="y">18th century.</subfield><subfield code="2">aat</subfield></datafield><datafield tag="700" ind1="0" ind2=" "><subfield code="a">Abdülhamid</subfield><subfield code="b">II,</subfield><subfield code="c">Sultan of the Turks,</subfield><subfield code="d">1842-1918,</subfield><subfield code="e">former owner.</subfield></datafield><datafield tag="752" ind1=" " ind2=" "><subfield code="a">Turkey</subfield><subfield code="d">Istanbul.</subfield></datafield><datafield tag="773" ind1="0" ind2=" "><subfield code="a">Abdul Hamid Collection.</subfield></datafield><datafield tag="880" ind1="1" ind2="0"><subfield code="6">245-03/</subfield><subfield code="a">رسالۀ حقية,</subfield><subfield code="f">[اواخر القرن 18م؟].</subfield></datafield><datafield tag="880" ind1="1" ind2="0"><subfield code="6">240-02/</subfield><subfield code="a">رساله حقيه</subfield></datafield><datafield tag="880" ind1="1" ind2=" "><subfield code="6">100-01/</subfield><subfield code="a">ندايى كاشغرى، عبد الله بن محمد.</subfield></datafield><datafield tag="CID" ind1=" " ind2=" "><subfield code="a">006804499</subfield></datafield><datafield tag="DAT" ind1="0" ind2=" "><subfield code="a">20190719102636.0</subfield><subfield code="b">20190719000000.0</subfield></datafield><datafield tag="DAT" ind1="1" ind2=" "><subfield code="a">20190719090653.0</subfield><subfield code="b">2019-07-19T16:11:32Z</subfield></datafield><datafield tag="DAT" ind1="2" ind2=" "><subfield code="a">2015-10-02T18:00:03Z</subfield></datafield><datafield tag="CAT" ind1=" " ind2=" "><subfield code="a">SDR-MIU</subfield><subfield code="d">EX LIBRIS - ALEPH</subfield><subfield code="l">prepare.pl-004-008</subfield></datafield><datafield tag="FMT" ind1=" " ind2=" "><subfield code="a">BK</subfield></datafield><datafield tag="HOL" ind1=" " ind2=" "><subfield code="0">sdr-miu006804499</subfield><subfield code="a">MiU</subfield><subfield code="b">SDR</subfield><subfield code="c">MIU</subfield><subfield code="p">mdp.39015079126663</subfield><subfield code="s">MIU</subfield><subfield code="1">006804499</subfield></datafield><datafield tag="974" ind1=" " ind2=" "><subfield code="b">MIU</subfield><subfield code="c">MIU</subfield><subfield code="d">20190719</subfield><subfield code="s">lit-dlps-dc</subfield><subfield code="u">mdp.39015079126663</subfield><subfield code="y">1799</subfield><subfield code="r">pd</subfield><subfield code="q">bib</subfield><subfield code="t">non-US bib date1 &lt; 1896</subfield></datafield></record></collection>